<record><leader>00000cas a22000007a 4500</leader><controlfield tag="001">37690915</controlfield><controlfield tag="008">970926d19uu1936cauwr ne      0    0eng d</controlfield><datafield ind1=" " ind2=" " tag="010"><subfield code="a">sn 97060460 </subfield></datafield><datafield ind1=" " ind2=" " tag="040"><subfield code="a">CNK</subfield><subfield code="b">eng</subfield><subfield code="c">CNK</subfield><subfield code="d">OCLCQ</subfield><subfield code="d">OCLCF</subfield><subfield code="d">OCLCO</subfield></datafield><datafield ind1="1" ind2=" " tag="029"><subfield code="a">AU@</subfield><subfield code="b">000024791319</subfield></datafield><datafield ind1=" " ind2=" " tag="042"><subfield code="a">msc</subfield></datafield><datafield ind1=" " ind2=" " tag="043"><subfield code="a">n-us-ca</subfield></datafield><datafield ind1="0" ind2=" " tag="130"><subfield code="a">Progress (Encinitas, Calif.)</subfield></datafield><datafield ind1="1" ind2="4" tag="245"><subfield code="a">The progress.</subfield></datafield><datafield ind1=" " ind2=" " tag="260"><subfield code="a">Encinitas, Calif. :</subfield><subfield code="b">Karl Graves</subfield></datafield><datafield ind1=" " ind2=" " tag="300"><subfield code="a">v.</subfield></datafield><datafield ind1=" " ind2=" " tag="310"><subfield code="a">Weekly</subfield></datafield><datafield ind1="1" ind2=" " tag="362"><subfield code="a">Ceased in July 1936.</subfield></datafield><datafield ind1=" " ind2=" " tag="500"><subfield code="a">"Official Democratic paper for San Diego County."</subfield></datafield><datafield ind1=" " ind2=" " tag="588"><subfield code="a">Description based on: Vol. 4, no. 9 (May 3, 1934).</subfield></datafield><datafield ind1=" " ind2="0" tag="651"><subfield code="a">San Diego County (Calif.)</subfield><subfield code="v">Newspapers.</subfield></datafield><datafield ind1=" " ind2="7" tag="655"><subfield code="a">Newspapers.</subfield><subfield code="2">fast</subfield><subfield code="0">(OCoLC)fst01423814</subfield></datafield><datafield ind1=" " ind2="7" tag="651"><subfield code="a">California</subfield><subfield code="z">San Diego County.</subfield><subfield code="2">fast</subfield><subfield code="0">(OCoLC)fst01204290</subfield></datafield><datafield ind1=" " ind2=" " tag="752"><subfield code="a">United States</subfield><subfield code="b">California</subfield><subfield code="c">San Diego</subfield><subfield code="d">Encinitas.</subfield></datafield><datafield ind1="0" ind2="7" tag="785"><subfield code="t">Coast dispatch</subfield><subfield code="w">(DLC)sn 94051097</subfield></datafield><datafield ind1="0" ind2="7" tag="785"><subfield code="t">Coast dispatch and the progress</subfield><subfield code="w">(DLC)sn 95062078</subfield></datafield></record>